<collection xmlns="http://www.loc.gov/MARC21/slim"><record><leader>00888nam  2200253   450</leader><controlfield tag="001">89</controlfield><controlfield tag="003">http://montalegre.opacnet.com/OPAC/default.aspx?ContentAreaControl=ShowRegHoldings.ascx&amp;RegNo=16662</controlfield><datafield tag="021" ind1=" " ind2=" "><subfield code="a">PT</subfield><subfield code="b">24305/88</subfield></datafield><datafield tag="095" ind1=" " ind2=" "><subfield code="a">PTBN00125689</subfield></datafield><datafield tag="100" ind1=" " ind2=" "><subfield code="a">20061013d1989    m  y0pora010305  ba</subfield></datafield><datafield tag="101" ind1="1" ind2=" "><subfield code="a">por</subfield><subfield code="c">fre</subfield></datafield><datafield tag="102" ind1=" " ind2=" "><subfield code="a">PT</subfield></datafield><datafield tag="105" ind1=" " ind2=" "><subfield code="a">y   z   000ay</subfield></datafield><datafield tag="106" ind1=" " ind2=" "><subfield code="a">r</subfield></datafield><datafield tag="200" ind1="1" ind2=" "><subfield code="a">&lt;As &gt;minhas noites são mais belas que os vossos dias</subfield><subfield code="e">romance</subfield><subfield code="f">Raphaële Billetdoux</subfield><subfield code="g">trad. Maria Jorge Vilar de Figueiredo</subfield></datafield><datafield tag="210" ind1=" " ind2=" "><subfield code="a">Lisboa</subfield><subfield code="c">Cotovia</subfield><subfield code="d">imp. 1989</subfield></datafield><datafield tag="215" ind1=" " ind2=" "><subfield code="a">130, [3] p.</subfield><subfield code="d">21 cm</subfield></datafield><datafield tag="225" ind1="2" ind2=" "><subfield code="a">Livros Cotovia</subfield></datafield><datafield tag="304" ind1=" " ind2=" "><subfield code="a">Tít. orig.: Mes nuits sont plus belles que vos jours</subfield></datafield><datafield tag="675" ind1=" " ind2=" "><subfield code="a">821</subfield><subfield code="v">BN</subfield><subfield code="z">por</subfield></datafield><datafield tag="700" ind1=" " ind2="1"><subfield code="a">Billetdoux</subfield><subfield code="b">Raphaële</subfield><subfield code="f">1951-</subfield></datafield><datafield tag="702" ind1=" " ind2="1"><subfield code="a">Figueiredo</subfield><subfield code="b">Maria Jorge Vilar de</subfield><subfield code="4">730</subfield></datafield><datafield tag="801" ind1=" " ind2="0"><subfield code="a">PT</subfield><subfield code="b">Biblioteca Municipal de Montalegre</subfield><subfield code="g">RPC</subfield></datafield><datafield tag="856" ind1=" " ind2=" "><subfield code="u">locateMedia.asp?cod=20060508152857&amp;ext=jpg</subfield><subfield code="z">CAPA</subfield></datafield><datafield tag="909" ind1="&#9;" ind2=" "><subfield code="a">1</subfield></datafield><datafield tag="966" ind1=" " ind2=" "><subfield code="a">0008295</subfield><subfield code="l">BMM</subfield><subfield code="s">SCG 821 BIL min</subfield></datafield></record></collection>